<?xml version="1.0" encoding="UTF-8" ?><marc:collection xmlns:marc="http://www.loc.gov/MARC21/slim" xmlns:xsi="http://www.w3.org/2001/XMLSchema-instance" xsi:schemaLocation="http://www.loc.gov/MARC21/slim http://www.loc.gov/standards/marcxml/schema/MARC21slim.xsd">
<marc:record><marc:leader>03804cam a2200553Ii 4500</marc:leader>
<marc:controlfield tag="001">b12194359</marc:controlfield>
<marc:controlfield tag="003">UaCaAUL</marc:controlfield><marc:controlfield tag="005">20170223111708.0</marc:controlfield><marc:controlfield tag="008">020712s1907    ua      a     000 0 ara d</marc:controlfield><marc:datafield tag="035" ind1=" " ind2=" "><marc:subfield code="a">(OCoLC)50163489</marc:subfield></marc:datafield><marc:datafield tag="040" ind1=" " ind2=" "><marc:subfield code="a">ZCU</marc:subfield><marc:subfield code="b">eng</marc:subfield><marc:subfield code="c">ZCU</marc:subfield><marc:subfield code="d">OCLCF</marc:subfield><marc:subfield code="d">OCLCO</marc:subfield><marc:subfield code="d">OCLCQ</marc:subfield><marc:subfield code="d">MEAUC</marc:subfield></marc:datafield><marc:datafield tag="049" ind1=" " ind2=" "><marc:subfield code="a">MAIN</marc:subfield></marc:datafield><marc:datafield tag="050" ind1=" " ind2="4"><marc:subfield code="a">BP160</marc:subfield><marc:subfield code="b">.G46 1907a</marc:subfield></marc:datafield><marc:datafield tag="066" ind1=" " ind2=" "><marc:subfield code="c">(3</marc:subfield></marc:datafield><marc:datafield tag="090" ind1=" " ind2=" "><marc:subfield code="a">BP160</marc:subfield><marc:subfield code="b">.G46 1907</marc:subfield></marc:datafield><marc:datafield tag="100" ind1="0" ind2=" "><marc:subfield code="6">880-01</marc:subfield><marc:subfield code="a">Ghazzālī,</marc:subfield><marc:subfield code="d">1058-1111,</marc:subfield><marc:subfield code="e">author.</marc:subfield></marc:datafield><marc:datafield tag="240" ind1="1" ind2="0"><marc:subfield code="6">880-02</marc:subfield><marc:subfield code="a">Fayṣal al-tafriqah bayna al-Islām wa-al-zandaqah.</marc:subfield></marc:datafield><marc:datafield tag="245" ind1="1" ind2="0"><marc:subfield code="6">880-03</marc:subfield><marc:subfield code="a">Kitāb Fayṣal al-tafriqah bayna al-Islām wa-al-zandaqah :</marc:subfield><marc:subfield code="b">maʻa al-Risālah al-waʻẓiyyah [wa] kitāb Mishkāt al-anwār [wa] Risālat al-ʻaqāʼid wa-al-waʻẓ ilá Malik Shāh (wa) Risālat al-tawḥīd /</marc:subfield><marc:subfield code="c">al-jamīʻ min taʼlīf al-imām ḥujjat al-Islām Abī Ḥāmid Muḥammad al-Ghazzālī ; ʻuniya bi-taṣḥīḥihi Muḥammad Badr al-Dīn al-Naʻsānī al-Ḥalabī. Wa-yalīhim kitāb al-Tajrīd fī kalimat al-tawḥīd / taʼlīf al-imām Aḥmad ibn Muḥammad al-Ghazzālī raḥimahumā Allāh taʻālá.</marc:subfield></marc:datafield><marc:datafield tag="246" ind1="3" ind2=" "><marc:subfield code="6">880-04</marc:subfield><marc:subfield code="a">Risālah al-waʻẓiyyah.</marc:subfield></marc:datafield><marc:datafield tag="246" ind1="3" ind2=" "><marc:subfield code="6">880-05</marc:subfield><marc:subfield code="a">kitāb Mishkāt al-anwār.</marc:subfield></marc:datafield><marc:datafield tag="246" ind1="3" ind2=" "><marc:subfield code="6">880-06</marc:subfield><marc:subfield code="a">Risālat al-ʻaqāʼid wa-al-waʻẓ ilá Malik Shāh.</marc:subfield></marc:datafield><marc:datafield tag="246" ind1="3" ind2=" "><marc:subfield code="6">880-07</marc:subfield><marc:subfield code="a">Risālat al-tawḥīd.</marc:subfield></marc:datafield><marc:datafield tag="250" ind1=" " ind2=" "><marc:subfield code="6">880-08</marc:subfield><marc:subfield code="a">al-Ṭabʻah al-ūlá.</marc:subfield></marc:datafield><marc:datafield tag="264" ind1=" " ind2="1"><marc:subfield code="6">880-09</marc:subfield><marc:subfield code="a">Miṣr :</marc:subfield><marc:subfield code="b">Ṭubiʻa bi-Maṭbaʻat al-Saʻādah,</marc:subfield><marc:subfield code="c">1325 H, 1907 M.</marc:subfield></marc:datafield><marc:datafield tag="300" ind1=" " ind2=" "><marc:subfield code="a">108 pages ;</marc:subfield><marc:subfield code="c">22 cm.</marc:subfield></marc:datafield><marc:datafield tag="336" ind1=" " ind2=" "><marc:subfield code="a">text</marc:subfield><marc:subfield code="b">txt</marc:subfield><marc:subfield code="2">rdacontent.</marc:subfield></marc:datafield><marc:datafield tag="337" ind1=" " ind2=" "><marc:subfield code="a">unmediated</marc:subfield><marc:subfield code="b">n</marc:subfield><marc:subfield code="2">rdamedia.</marc:subfield></marc:datafield><marc:datafield tag="338" ind1=" " ind2=" "><marc:subfield code="a">volume</marc:subfield><marc:subfield code="b">nc</marc:subfield><marc:subfield code="2">rdacarrier.</marc:subfield></marc:datafield><marc:datafield tag="500" ind1=" " ind2=" "><marc:subfield code="6">880-10</marc:subfield><marc:subfield code="a">Ṭubiʻa ʻalá nafaqat al-sādāt Aḥmad Nājī al-Jammālī wa-Muḥammad Amīn al-Khānjī wa-akhīhi bi-al-Asitānah wa-Miṣr.</marc:subfield></marc:datafield><marc:datafield tag="650" ind1=" " ind2="0"><marc:subfield code="a">Islam</marc:subfield><marc:subfield code="x">Relations</marc:subfield><marc:subfield code="x">Manichaeism.</marc:subfield></marc:datafield><marc:datafield tag="650" ind1=" " ind2="0"><marc:subfield code="a">Islam</marc:subfield><marc:subfield code="x">Doctrines</marc:subfield><marc:subfield code="v">Early works to 1800.</marc:subfield></marc:datafield><marc:datafield tag="700" ind1="1" ind2=" "><marc:subfield code="6">880-11</marc:subfield><marc:subfield code="a">Ḥalabī, Muḥammad Badr al-Dīn al-Naʻsānī,</marc:subfield><marc:subfield code="e">editor.</marc:subfield></marc:datafield><marc:datafield tag="700" ind1="1" ind2="2"><marc:subfield code="6">880-12</marc:subfield><marc:subfield code="a">Ghazzālī, Aḥmad ibn Muḥammad,</marc:subfield><marc:subfield code="d">-1126.</marc:subfield><marc:subfield code="t">kitāb al-Tajrīd fī kalimat al-tawḥīd.</marc:subfield></marc:datafield><marc:datafield tag="880" ind1="0" ind2=" "><marc:subfield code="6">100-01/(3/r</marc:subfield><marc:subfield code="a">غزالي،</marc:subfield><marc:subfield code="d">1058-1111.</marc:subfield></marc:datafield><marc:datafield tag="880" ind1="1" ind2="0"><marc:subfield code="6">240-02/(3/r</marc:subfield><marc:subfield code="a">فيصل التفرقة بين الاسلام والزندقة.</marc:subfield></marc:datafield><marc:datafield tag="880" ind1="1" ind2="0"><marc:subfield code="6">245-03/(3/r</marc:subfield><marc:subfield code="a">كتاب فيصل التفرقة بين الإسلام والزندقة :</marc:subfield><marc:subfield code="b">مع الرسالة الوعظية [و] كتاب مشكاة الأنوار [و] رسالة العقائد والوعظ إلى ملك شاه (و) رسالة التوحيد /</marc:subfield><marc:subfield code="c">الجميع من تأليف الإمام حجة الإسلام أبي حامد محمد الغزالي ؛ عني بتصحيحه محمد بدر الدين النعساني الحلبي. ويليه كتاب التجريد في كلمة التوحيد / تأليف الإمام أحمد بن محمد الغزالي رحمهما الله تعالى..</marc:subfield></marc:datafield><marc:datafield tag="880" ind1="3" ind2=" "><marc:subfield code="6">246-04/(3/r</marc:subfield><marc:subfield code="a">رسالة الوعظية.</marc:subfield></marc:datafield><marc:datafield tag="880" ind1="3" ind2=" "><marc:subfield code="6">246-05/(3/r</marc:subfield><marc:subfield code="a">كتاب مشكاة الأنوار.</marc:subfield></marc:datafield><marc:datafield tag="880" ind1="3" ind2=" "><marc:subfield code="6">246-06/(3/r</marc:subfield><marc:subfield code="a">رسالة العقائد والوعظ إلى ملك شاه.</marc:subfield></marc:datafield><marc:datafield tag="880" ind1="3" ind2=" "><marc:subfield code="6">246-07/(3/r</marc:subfield><marc:subfield code="a">رسالة التوحيد.</marc:subfield></marc:datafield><marc:datafield tag="880" ind1=" " ind2=" "><marc:subfield code="6">250-08/(3/r</marc:subfield><marc:subfield code="a">الطبعة الأولى..</marc:subfield></marc:datafield><marc:datafield tag="880" ind1=" " ind2="1"><marc:subfield code="6">264-09/(3/r</marc:subfield><marc:subfield code="a">مصر :</marc:subfield><marc:subfield code="b">طبع بمطبعة السعادة،</marc:subfield><marc:subfield code="c">1325 ه، 1907 م..</marc:subfield></marc:datafield><marc:datafield tag="880" ind1=" " ind2=" "><marc:subfield code="6">500-10/(3/r</marc:subfield><marc:subfield code="a">طبع على نفقة السادات أحمد ناجي الجمالي. ومحمد أمين الخانجي. وأخيه بالأستانة ومصر..</marc:subfield></marc:datafield><marc:datafield tag="880" ind1="1" ind2=" "><marc:subfield code="6">700-11/(3/r</marc:subfield><marc:subfield code="a">حلبي، محمد بدر الدين النعساني..</marc:subfield></marc:datafield><marc:datafield tag="880" ind1="1" ind2="2"><marc:subfield code="6">700-12/(3/r</marc:subfield><marc:subfield code="a">غزالي، أحمد بن محمد،</marc:subfield><marc:subfield code="d">- 1126.</marc:subfield><marc:subfield code="t">كتاب التجريد في كلمة التوحيد..</marc:subfield></marc:datafield><marc:datafield tag="907" ind1=" " ind2=" "><marc:subfield code="a">.b12194359</marc:subfield><marc:subfield code="b">main </marc:subfield></marc:datafield><marc:datafield tag="902" ind1=" " ind2=" "><marc:subfield code="a">170410</marc:subfield></marc:datafield><marc:datafield tag="998" ind1=" " ind2=" "><marc:subfield code="b">2</marc:subfield><marc:subfield code="c">990223</marc:subfield><marc:subfield code="d">m</marc:subfield><marc:subfield code="e">a</marc:subfield><marc:subfield code="f">-</marc:subfield><marc:subfield code="g">0</marc:subfield><marc:subfield code="k">MAH</marc:subfield></marc:datafield><marc:datafield tag="945" ind1=" " ind2=" "><marc:subfield code="l">main </marc:subfield></marc:datafield></marc:record>
</marc:collection>
